@string{aejmicro = {American Economic Journal: Microeconomics}}
@string{aer = {American Economic Review}}
@string{bjir={British Journal of Industrial Relations}}
@sting{bje={The Bell Journal of Economics}}
@string{ecma = {Econometrica}}
@string{ecta = {Econometrica}}
@string{irle = {International Review of Law and Economics}}
@string{ee = {Experimental Economics}}
@string{eej = {Eastern Economic Journal}}
@string{ei = {Economic Inquiry}}
@string{el = {Economics Letters}}
@string{eta = {Econometrica}}
@string{ier = {International Economic Review}}
@string{ilrr = {Industrial and Labor Relations Review}}
@string{jebo = {Journal of Economic Behavior and Organization}}
@string{jel = {Journal of Economic Literature}}
@string{jep = {Journal of Economic Perspectives}}
@string{jesp = {Journal of Experimental Social Psychology}}
@string{jet = {Journal of Economic Theory}}
@string{jfe = {Journal of Financial Economics}}
@string{jleo = {Journal of Law, Economics, and Organization}}
@string{jle = {Journal of Law and Economics}}
@string{jme = {Journal of Monetary Economics}}
@string{jhr = {Journal of Human Resources}}
@string{jhc = {Journal of Human Capital}}
@string{jole = {Journal of Labor Economics}}
@string{jpe = {Journal of Political Economy}}
@string{jpke={Journal of Post Keynesian Economics}}
@string{jpubec = {Journal of Public Economics}}
@string{jeh = {Journal of Economic History}}
@string{jep = {The Journal of Economic Perspectives}}
@string{pnas = {Proceedings of the National Academy of Science}}
@string{qje = {Quarterly Journal of Economics}}
@string{rand = {RAND Journal of Economics}}
@string{res = {Review of Economic Studies}}
@string{restat={The Review of Economics and Statistics}}
@string{restud = {Review of Economic Studies}}
@string{science = {Science}}

@article{abadie2003economic,
  title={The Economic Costs of Conflict: A Case Study of the Basque Country},
  author={Abadie, Alberto and Gardeazabal, Javier},
  journal={American Economic Review},
  volume={93},
  number={1},
  pages={113--132},
  year={2003}
}

@article{abadie2010synthetic,
  title={Synthetic Control Methods for Comparative Case Studies: Estimating the Effect of Californiaâ€™s Tobacco Control Program},
  author={Abadie, Alberto and Diamond, Alexis and Hainmueller, Jens},
  journal={Journal of the American Statistical Association},
  volume={105},
  number={490},
  pages={493--505},
  year={2010},
  publisher={Taylor \& Francis}
}

@article{abadie2015comparative,
  title={Comparative politics and the synthetic control method},
  author={Abadie, Alberto and Diamond, Alexis and Hainmueller, Jens},
  journal={American Journal of Political Science},
  volume={59},
  number={2},
  pages={495--510},
  year={2015},
  publisher={Wiley Online Library}
}

@article{ahca2020pressrelease, 
    title={Financial Struggle of Nursing Homes Puts Medicaid Reimbursement Rates Back in the Spotlight [Press Release]},
    author={{AHCA/NCAL (The American Health Care Association and National Center for Assisted Living)}},
    journal={https://www.ahcancal.org/News-and-Communications/Press-Releases/Pages/Financial-Struggle-of-Nursing-Homes-Puts-Medicaid-Reimbursement-Rates-Back-in-the-Spotlight.aspx},
    year={2020}, 
    month={Oct}
}

@misc{american2020american,
  title={American Health Planning Association National Directory},
  author={AHPA},
  year={2020}
}

@article{arkhangelsky2021synthetic,
  title={Synthetic Difference-in-Differences},
  author={Arkhangelsky, Dmitry and Athey, Susan and Hirshberg, David A and Imbens, Guido W and Wager, Stefan},
  journal={American Economic Review},
  volume={111},
  number={12},
  pages={4088--4118},
  year={2021}
}

@article{bailey2019can,
  title={Can health spending be reined in through supply restraints? An evaluation of certificate-of-need laws},
  author={Bailey, James},
  journal={Journal of Public Health},
  volume={27},
  number={6},
  pages={755--760},
  year={2019},
  publisher={Springer}
}

@article{basinger2004remodeling,
  title={Remodeling the competition for capital: How domestic politics erases the race to the bottom},
  author={Basinger, Scott J and Hallerberg, Mark},
  journal={American Political Science Review},
  volume={98},
  number={2},
  pages={261--276},
  year={2004},
  publisher={Cambridge University Press}
}

@article{cavallo2013catastrophic,
  title={Catastrophic Natural Disasters and Economic Growth},
  author={Cavallo, Eduardo and Galiani, Sebastian and Noy, Ilan and Pantano, Juan},
  journal={Review of Economics and Statistics},
  volume={95},
  number={5},
  pages={1549--1561},
  year={2013},
  publisher={MIT Press}
}

@inproceedings{currie2020technology,
  title={Technology and big data are changing economics: Mining text to track methods},
  author={Currie, Janet and Kleven, Henrik and Zwiers, Esm{\'e}e},
  booktitle={AEA Papers and Proceedings},
  volume={110},
  pages={42--48},
  year={2020}
}

@article{dube2015pooling,
  title={Pooling multiple case studies using synthetic controls: An application to minimum wage policies},
  author={Dube, Arindrajit and Zipperer, Ben},
  year={2015},
  publisher={IZA Discussion Paper}
}

@article{feder1980regulating,
  title={Regulating the bed supply in nursing homes},
  author={Feder, Judith and Scanlon, William},
  journal={The Milbank Memorial Fund Quarterly. Health and Society},
  pages={54--88},
  year={1980},
  publisher={JSTOR}
}

@article{frank2015performance,
  title={Performance pay or redistribution? Cultural differences in just-world beliefs and preferences for wage inequality},
  author={Frank, Douglas H and Wertenbroch, Klaus and Maddux, William W},
  journal={Organizational Behavior and Human Decision Processes},
  volume={130},
  pages={160--170},
  year={2015},
  publisher={Elsevier}
}

@article{goodman2021difference,
  title={Difference-in-differences with variation in treatment timing},
  author={Goodman-Bacon, Andrew},
  journal={Journal of Econometrics},
  year={2021},
  publisher={Elsevier}
}

@article{grabowski2003effects,
  title={The effects of CON repeal on Medicaid nursing home and long-term care expenditures},
  author={Grabowski, David C and Ohsfeldt, Robert L and Morrisey, Michael A},
  journal={INQUIRY: The Journal of Health Care Organization, Provision, and Financing},
  volume={40},
  number={2},
  pages={146--157},
  year={2003},
  publisher={SAGE Publications Sage CA: Los Angeles, CA}
}

@article{harrington1997effect,
  title={The effect of certificate of need and moratoria policy on change in nursing home beds in the United States},
  author={Harrington, Charlene and Swan, James H and Nyman, John A and Carrillo, Helen},
  journal={Medical Care},
  pages={574--588},
  year={1997},
  publisher={JSTOR}
}

@article{rahman2016impact,
  title={The impact of certificate-of-need laws on nursing home and home health care expenditures},
  author={Rahman, Momotazur and Galarraga, Omar and Zinn, Jacqueline S and Grabowski, David C and Mor, Vincent},
  journal={Medical Care Research and Review},
  volume={73},
  number={1},
  pages={85--105},
  year={2016},
  publisher={SAGE Publications Sage CA: Los Angeles, CA}
}

@article{sexton2019conrepeal, 
    title={House Approves Bill Repealing `Certificate of Need' Regulations on Hospitals},
    author={Sexton, Christine},
    journal={https://www.sun-sentinel.com/news/florida/fl-ne-nsf-house-approves-con-health-bill-20190321-story.html},
    year={2019}, 
    month={March},
    dat={21}
}
 


@article{stratmann2014certificate,
  title={Do Certificate-of-Need Laws Increase Indigent Care?},
  author={Stratmann, Thomas and Russ, Jacob},
  year={2014}
}

@article{swan1991certificate,
  title={Certificate of need and nursing home bed capacity in states},
  author={Swan, James and Harrington, Charlene},
  journal={Journal of health \& social policy},
  volume={2},
  number={2},
  pages={87--105},
  year={1991},
  publisher={Taylor \& Francis}
}

@article{wiener1999controlling,
  title={Controlling the supply of long-term care providers in thirteen states},
  author={Wiener, Joshua M and Stevenson, David G and Goldenson, Susan M},
  journal={Journal of aging \& social policy},
  volume={10},
  number={4},
  pages={51--72},
  year={1999},
  publisher={Taylor \& Francis}
}

@article{zinn1994market,
  title={Market competition and the quality of nursing home care},
  author={Zinn, Jacqueline S},
  journal={Journal of Health Politics, Policy and Law},
  volume={19},
  number={3},
  pages={555--582},
  year={1994},
  publisher={Duke University Press}
}